@article{Tarjan85,
author = {Tarjan, R.},
title = {Amortized Computational Complexity},
journal = {SIAM Journal on Algebraic Discrete Methods},
volume = {6},
number = {2},
pages = {306-318},
year = {1985},
doi = {10.1137/0606031},

URL = {http://epubs.siam.org/doi/abs/10.1137/0606031},
eprint = {http://epubs.siam.org/doi/pdf/10.1137/0606031}
}

@article{Savitch70,
title = "Relationships between nondeterministic and deterministic tape complexities ",
journal = "Journal of Computer and System Sciences ",
volume = "4",
number = "2",
pages = "177-192",
year = "1970",
note = "",
issn = "0022-0000",
doi = "10.1016/S0022-0000(70)80006-X",
url = "http://www.sciencedirect.com/science/article/pii/S002200007080006X",
author = "Walter J. Savitch"
}

@incollection{Karp72,
    author = {Karp, Richard M.},
    booktitle = {Complexity of Computer Computations},
    citeulike-article-id = {1773946},
    editor = {Miller, R. E. and Thatcher, J. W.},
    keywords = {complexity, graphs},
    pages = {85-103},
    posted-at = {2008-12-18 01:48:51},
    priority = {2},
    publisher = {Plenum Press},
    title = {{Reducibility Among Combinatorial Problems}},
    year = {1972}
}

@article{Knuth76,
 author = {Knuth, Donald E.},
 title = {Big Omicron and big Omega and big Theta},
 journal = {SIGACT News},
 issue_date = {April-June 1976},
 volume = {8},
 number = {2},
 month = apr,
 year = {1976},
 issn = {0163-5700},
 pages = {18-24},
 numpages = {7},
 url = {http://doi.acm.org/10.1145/1008328.1008329},
 doi = {10.1145/1008328.1008329},
 acmid = {1008329},
 publisher = {ACM},
 address = {New York, NY, USA},
} 